jpierel@Justins-MacBook-Air.local.1647